<record><leader>00000cas a22000007a 4500</leader><controlfield tag="001">32475134</controlfield><controlfield tag="008">950515d18321834ohumr ne      0    0eng d</controlfield><datafield ind1=" " ind2=" " tag="010"><subfield code="a">sn 95063979 </subfield></datafield><datafield ind1=" " ind2=" " tag="040"><subfield code="a">CNW</subfield><subfield code="b">eng</subfield><subfield code="c">CNW</subfield><subfield code="d">OCL</subfield><subfield code="d">OCLCQ</subfield><subfield code="d">OCLCF</subfield><subfield code="d">OCLCO</subfield></datafield><datafield ind1="1" ind2=" " tag="029"><subfield code="a">AU@</subfield><subfield code="b">000025886427</subfield></datafield><datafield ind1="1" ind2=" " tag="029"><subfield code="a">NZ1</subfield><subfield code="b">16071094</subfield></datafield><datafield ind1=" " ind2=" " tag="042"><subfield code="a">msc</subfield></datafield><datafield ind1=" " ind2=" " tag="043"><subfield code="a">n-us---</subfield></datafield><datafield ind1="0" ind2="0" tag="245"><subfield code="a">Evening and morning star.</subfield></datafield><datafield ind1=" " ind2=" " tag="260"><subfield code="a">Independence, Jackson Co., Mo. :</subfield><subfield code="b">W.W. Phelps</subfield></datafield><datafield ind1=" " ind2=" " tag="300"><subfield code="a">v.</subfield></datafield><datafield ind1=" " ind2=" " tag="310"><subfield code="a">Monthly</subfield></datafield><datafield ind1="0" ind2=" " tag="362"><subfield code="a">Vol. 1, no. 1 (June 1832)-v.2, no. 24 (Sept. 1834).</subfield></datafield><datafield ind1=" " ind2=" " tag="500"><subfield code="a">Published in Kirtland, Ohio: Dec. 1833-Sept. 1834.</subfield></datafield><datafield ind1=" " ind2=" " tag="500"><subfield code="a">Issues from June 1832-Apr. 1833 reprinted and published by F.G. Williams &amp; Co., Kirtland, Ohio in Jan. 1835. Issues from May 1833-Sept. 1834 reprinted and published by Oliver Coudrey in June 1836.</subfield></datafield><datafield ind1=" " ind2=" " tag="530"><subfield code="a">Reprint available on microfilm from Modern Microfilm, Salt Lake City, Utah; as a photocopy from Joseph Smith, Jr.'s rare reprints, Independence Mo.; and in hardcopy from the Church Pub. House on the Temple Lot, Independence, Mo.</subfield></datafield><datafield ind1="2" ind2="0" tag="610"><subfield code="a">Church of Jesus Christ of Latter-day Saints.</subfield></datafield><datafield ind1=" " ind2="0" tag="650"><subfield code="a">Mormon Church</subfield><subfield code="z">United States</subfield><subfield code="v">Newspapers.</subfield></datafield><datafield ind1=" " ind2="7" tag="655"><subfield code="a">Newspapers.</subfield><subfield code="2">fast</subfield><subfield code="0">(OCoLC)fst01423814</subfield></datafield><datafield ind1="2" ind2="7" tag="610"><subfield code="a">Church of Jesus Christ of Latter-day Saints.</subfield><subfield code="2">fast</subfield><subfield code="0">(OCoLC)fst00549691</subfield></datafield><datafield ind1=" " ind2="7" tag="650"><subfield code="a">Mormon Church.</subfield><subfield code="2">fast</subfield><subfield code="0">(OCoLC)fst01026221</subfield></datafield><datafield ind1=" " ind2="7" tag="651"><subfield code="a">United States.</subfield><subfield code="2">fast</subfield><subfield code="0">(OCoLC)fst01204155</subfield></datafield><datafield ind1=" " ind2=" " tag="752"><subfield code="a">United States</subfield><subfield code="b">Ohio</subfield><subfield code="c">Lake</subfield><subfield code="d">Kirtland.</subfield></datafield><datafield ind1="0" ind2="0" tag="785"><subfield code="t">Latter Day Saints' messenger and advocate</subfield><subfield code="w">(OCoLC)9085715</subfield></datafield></record>